@book{axelrod,
  title={Structure of decision: The cognitive maps of political elites},
  author={Axelrod, Robert},
  year={1976},
  address   = "Princeton, NJ",
  publisher={Princeton university press}
}

@ARTICLE {b.kosko1986,
    author  = "Kosko, B.",
    title   = "Fuzzy Cognitive Maps",
    journal = "Int. J. Man-Machine Studies",
    year    = "1986",
    volume  = "24",
    pages   = "65-75"
}

@article{kosko1988hidden,
  title={Hidden patterns in combined and adaptive knowledge networks},
  author={Kosko, Bart},
  journal={International Journal of Approximate Reasoning},
  volume={2},
  number={4},
  pages={377--393},
  year={1988},
  publisher={Elsevier}
}

@BOOK {koskob.1992,
    author    = "Kosko, B.",
    title     = "Neural Networks and Fuzzy Systems",
    publisher = "Prentice-Hall",
    year      = "1992",
    address   = "New Jersey"
}

@article{dickerson1994virtual,
  title={Virtual worlds as fuzzy cognitive maps},
  author={Dickerson, Julie A and Kosko, Bart},
  journal={Presence: Teleoperators \& Virtual Environments},
  volume={3},
  number={2},
  pages={173--189},
  year={1994}
}

@article{buenoActivation,
  author = {Bueno, Salvador and Salmeron, Jose L.},
  title = {Benchmarking Main Activation Functions in Fuzzy Cognitive Maps},
  year = {2009},
  issue_date = {April 2009},
  publisher = {Pergamon Press, Inc.},
  address = {USA},
  volume = {36},
  number = {3},
  issn = {0957-4174},
  url = {https://doi.org/10.1016/j.eswa.2008.06.072},
  doi = {10.1016/j.eswa.2008.06.072},
  journal = {Expert Syst. Appl.},
  month = apr,
  pages = {5221–5229},
  numpages = {9},
  keywords = {Benchmarking, Activation functions, Fuzzy cognitive maps, Decision support systems}
}

@INPROCEEDINGS {papageorgioue.i.styliosc.d.groumposp.p.2003,
    author    = "Papageorgiou, E. I. and Stylios, C. D. and Groumpos, P. P.",
    title     = "Fuzzy cognitive map learning based on nonlinear Hebbian rule",
    booktitle = "AI 2003, LNAI",
    year      = "2003",
    editor    = "Gedeon, T. D. and Fung, L. C. C.",
    volume    = "2903",
    pages     = "254-266",
    publisher = "Springer-Verlag"
}

@article{papageorgiou2008fuzzy,
  title={Fuzzy cognitive maps},
  author={Papageorgiou, EI and Stylios, CD},
  journal={Handbook of Granular Computing},
  pages={755--774},
  year={2008},
  publisher={John Wiley \& Sons, Ltd}
}

@article{salmeron2014fuzzy,
  title={Fuzzy grey cognitive maps and nonlinear Hebbian learning in process control},
  author={Salmeron, Jose L and Papageorgiou, Elpiniki I},
  journal={Applied intelligence},
  volume={41},
  number={1},
  pages={223--234},
  year={2014},
  publisher={Springer}
}

@CONFERENCE {hatwagnerm.f.koczyl.t.2015,
    author    = "Hatwagner, M. F. and Koczy, L. T.",
    title     = "Parameterization and concept optimization of FCM models",
    booktitle = "2015 IEEE International Conference on Fuzzy Systems (FUZZ-IEEE)",
    year      = "2015",
    pages     = "1-8",
    address   = "Istanbul",
    month     = "aug",
    publisher = "IEEE"
}

@ARTICLE {yesilenginurbasleon2010,
    author  = "Yesil, Engin and Urbas, Leon",
    title   = "Big bang-big crunch learning method for fuzzy cognitive maps",
    journal = "World Academy of Science, Engineering \& Technology",
    year    = "2010",
    volume  = "71",
    pages   = "816--825"
}


@incollection{yesil2014fcm,
  title={FCM-GUI: A graphical user interface for Big Bang-Big Crunch Learning of FCM},
  author={Yesil, Engin and Urbas, Leon and Demirsoy, Anday},
  booktitle={Fuzzy Cognitive Maps for Applied Sciences and Engineering},
  pages={177--198},
  year={2014},
  publisher={Springer}
}

@INPROCEEDINGS{parameterDependence,
  author={M. F. {Hatwágner} and A. {Torma} and L. T. {Kóczy}},
  booktitle={2015 10th Asian Control Conference (ASCC)},
  title={Parameter dependence of fuzzy cognitive maps' behaviour},
  year={2015},
  volume={},
  number={},
  pages={1-6},
  keywords={business data processing;fuzzy set theory;project management;parameter dependence;fuzzy cognitive map behaviour;stakeholder relationship management systems;SRMS simulation;FCM;business management process;project support activity;Standards organizations;Companies;Fuzzy cognitive maps;Stakeholder Relationship Management System;Fuzzy Cognitive Maps;parameter settings},
  doi={10.1109/ASCC.2015.7244823},
  ISSN={null},
  month={May}
}

@article{torma2015simulation,
  title={Simulation of Causal Relations of Stakeholder Management System by Using Fuzzy Cognitive Map Approach--A Comparison of 
Hungarian and Lithuanian Attitudes},
  author={Torma, Andr{\'a}s and Hatw{\'a}gner, Mikl{\'o}s F and Susniene, Dalia and {\v{Z}}ostautien{\.e}, Daiva and K{\'o}czy, 
L{\'a}szl{\'o} T},
  journal={Procedia Computer Science},
  volume={65},
  pages={880--890},
  year={2015},
  publisher={Elsevier}
}

% Model reduction methods found in literature

@article{alizadeh2008using,
  title={Using data mining for learning and clustering FCM},
  author={Alizadeh, Somayeh and Ghazanfari, Mehdi and Fathian, Mohammad},
  journal={International journal of computational intelligence},
  volume={4},
  number={2},
  pages={118--125},
  year={2008},
  publisher={Citeseer}
}

@TECHREPORT {dematel,
    author      = "A. Gabus and E. Fontela",
    title       = "Perceptions of the World Problematique: Communication Procedure, Communicating With Those Bearing Collective 
Responsibility (DEMATEL Report No.1)",
    institution = "Battelle Geneva Research Centre",
    year        = "1973",
    address     = "Geneva, Switzerland"
}

@article{NapolesHIV,
title = "Two-steps learning of Fuzzy Cognitive Maps for prediction and knowledge discovery on the HIV-1 drug resistance ",
journal = "Expert Systems with Applications ",
volume = "41",
number = "3",
pages = "821 - 830",
year = "2014",
note = "Methods and Applications of Artificial and Computational Intelligence ",
issn = "0957-4174",
doi = "http://dx.doi.org/10.1016/j.eswa.2013.08.012",
author = "Gonzalo Nápoles and Isel Grau and Rafael Bello and Ricardo Grau",
}

@Inbook{Homenda2014,
author="Homenda, W. and Jastrzebska, A. and Pedrycz, W.",
editor="Khalid, S. and V{\'a}clav, S.",
chapter="Time Series Modeling with Fuzzy Cognitive Maps: Simplification Strategies",
title="Computer Information Systems and Industrial Management: 13th IFIP TC8 International Conference, CISIM 2014, Ho Chi Minh 
City, Vietnam, November 5-7, 2014. Proceedings",
year="2014",
publisher="Springer Berlin Heidelberg",
address="Berlin, Heidelberg",
pages="409--420"
}

@incollection{stylios2008fuzzy,
  title={Fuzzy cognitive maps structure for medical decision support systems},
  author={Stylios, Chrysostomos D and Georgopoulos, Voula C},
  booktitle={Forging New Frontiers: Fuzzy Pioneers II},
  pages={151--174},
  year={2008},
  publisher={Springer}
}

@INPROCEEDINGS {e.i.papageorgiouj.l.salmeron2013,
    author    = "Papageorgiou, E. I. and Salmeron, J. L.",
    title     = "Methods and Algorithms for Fuzzy Cognitive Map-based Decision Support",
    booktitle = "Fuzzy Cognitive Maps for Applied Sciences and Engineering",
    year      = "2013",
    editor    = "E. I. Papageorgiou"
}

@ARTICLE {a.m.sharifz.irani2006,
    author  = "Sharif, A. M. and Irani, Z.",
    title   = "Exploring Fuzzy Cognitive Mapping for IS Evaluation",
    journal = "European Journal of Operational Research",
    year    = "2006",
    volume  = "173",
    pages   = "1175-1187"
}

@article{stylios2004modeling,
  title={Modeling complex systems using fuzzy cognitive maps},
  author={Stylios, Chrysostomos D and Groumpos, Petros P},
  journal={IEEE Transactions on Systems, Man, and Cybernetics-Part A: Systems and Humans},
  volume={34},
  number={1},
  pages={155--162},
  year={2004},
  publisher={IEEE}
}

@ARTICLE {papageorgioue.i.2011,
    author  = "Papageorgiou, E. I.",
    title   = "A new methodology for Decisions in Medical Informatics using Fuzzy Cognitive Maps based on Fuzzy Rule-Extraction 
techniques",
    journal = "Applied Soft Computing",
    year    = "2011",
    volume  = "11",
    pages   = "500-513"
}

@article{boutalis2014system,
  title={System identification and adaptive control},
  author={Boutalis, Yiannis and Christodoulou, Manolis A and Theodoridis, Dimitrios and Kottas, Theodore},
  journal={Theory and Applications of the Neurofuzzy and Fuzzy Cognitive Network Models},
  year={2014},
  publisher={Springer}
}

@article{bueno2009benchmarking,
  title={Benchmarking main activation functions in fuzzy cognitive maps},
  author={Bueno, Salvador and Salmeron, Jose L},
  journal={Expert Systems with Applications},
  volume={36},
  number={3},
  pages={5221--5229},
  year={2009},
  publisher={Elsevier}
}

@article{kaveh2010optimal,
  title={Optimal design of Schwedler and ribbed domes via hybrid Big Bang--Big Crunch algorithm},
  author={Kaveh, A and Talatahari, S},
  journal={Journal of Constructional Steel Research},
  volume={66},
  number={3},
  pages={412--419},
  year={2010},
  publisher={Elsevier}
}

@article{yesil2014interval,
  title={Interval type-2 fuzzy PID load frequency controller using Big Bang--Big Crunch optimization},
  author={Yesil, Engin},
  journal={Applied Soft Computing},
  volume={15},
  pages={100--112},
  year={2014},
  publisher={Elsevier}
}

@inproceedings{dodurka2015learning,
  title={Learning of FCMs with causal links represented via fuzzy triangular numbers},
  author={Dodurka, M Furkan and Sahin, Atakan and Yesil, Engin and Urbas, Leon},
  booktitle={Fuzzy Systems (FUZZ-IEEE), 2015 IEEE International Conference on},
  pages={1--8},
  year={2015},
  organization={IEEE}
}

@inproceedings{akinci2013emotion,
  title={Emotion modeling using fuzzy cognitive maps},
  author={Akinci, Hasan Murat and Yesil, Engin},
  booktitle={Computational Intelligence and Informatics (CINTI), 2013 IEEE 14th International Symposium on},
  pages={49--55},
  year={2013},
  organization={IEEE}
}

@inproceedings{dodurka2013concept,
  title={Concept by concept learning of fuzzy cognitive maps},
  author={Dodurka, M Furkan and Yesil, Engin and Ozturk, Cihan and Sakalli, Ahmet and Guzay, Cagri},
  booktitle={IFIP International Conference on Artificial Intelligence Applications and Innovations},
  pages={577--586},
  year={2013},
  organization={Springer}
}

@inproceedings{yesil2013goal,
  title={Goal-oriented decision support using big bang-big crunch learning based fuzzy cognitive map: An ERP management case 
study},
  author={Yesil, Engin and Dodurka, M Furkan},
  booktitle={Fuzzy Systems (FUZZ), 2013 IEEE International Conference on},
  pages={1--8},
  year={2013},
  organization={IEEE}
}

@article{camp2007design,
  title={Design of space trusses using Big Bang--Big Crunch optimization},
  author={Camp, Charles V},
  journal={Journal of Structural Engineering},
  volume={133},
  number={7},
  pages={999--1008},
  year={2007},
  publisher={American Society of Civil Engineers}
}

@BOOK {klirg.j.yuanb.1995,
    author    = "Klir, G. J. and Yuan, B.",
    title     = "FUZZY SETS AND FUZZY LOGIC – Theory and Applications",
    publisher = "Prentice Hall",
    year      = "1995",
    address   = "USA"
}

@BOOK {kohaviz.jhan.k.2009,
    author    = "Kohavi, Z. and Jha, N. K.",
    title     = "Switching and Finite Automata Theory",
    publisher = "Cambridge University Press",
    year      = "2009",
    edition   = "third"
}

@inproceedings{yesil2013self,
  title={Self-tuning pi controllers via fuzzy cognitive maps},
  author={Yesil, Engin and Dodurka, M Furkan and Sakalli, Ahmet and Ozturk, Cihan and Guzay, Cagri},
  booktitle={IFIP International Conference on Artificial Intelligence Applications and Innovations},
  pages={567--576},
  year={2013},
  organization={Springer}
}

@article{kruskal1956shortest,
  title={On the shortest spanning subtree of a graph and the traveling salesman problem},
  author={Kruskal, Joseph B},
  journal={Proceedings of the American Mathematical society},
  volume={7},
  number={1},
  pages={48--50},
  year={1956},
  publisher={JSTOR}
}

@book{barnes2012handy,
  title={The handy math answer book},
  author={Barnes-Svarney, Patricia and Svarney, Thomas E},
  year={2012},
  publisher={Visible Ink Press}
}

@article{rockart1979chief,
  title={Chief executives define their own data needs.},
  author={Rockart, JF},
  journal={Harvard business review},
  volume={57},
  number={2},
  pages={81},
  year={1979}
}

@inproceedings{yesil2013control,
  title={Control engineering education critical success factors modeling via Fuzzy Cognitive Maps},
  author={Yesil, Engin and Ozturk, Cihan and Dodurka, M Furkan and Sahin, Atakan},
  booktitle={Information Technology Based Higher Education and Training (ITHET), 2013 International Conference on},
  pages={1--8},
  year={2013},
  organization={IEEE}
}

@inproceedings{zhang1998yin,
  title={Bipolar fuzzy sets},
  author={Zhang, W-R},
  booktitle={Fuzzy Systems Proceedings, 1998. IEEE World Congress on Computational Intelligence., The 1998 IEEE International 
Conference on},
  volume={1},
  pages={835--840},
  year={1998},
  organization={IEEE}
}

@article{papageorgiou2017concept,
  title={A concept reduction approach for fuzzy cognitive map models in decision making and management},
  author={Papageorgiou, Elpiniki I and Hatw{\'a}gner, Mikl{\'o}s F and Buruzs, Adrienn and K{\'o}czy, L{\'a}szl{\'o} T},
  journal={Neurocomputing},
  volume={232},
  pages={16--33},
  year={2017},
  publisher={Elsevier}
}

@article{goudreau1994first,
  title={First-order versus second-order single-layer recurrent neural networks},
  author={Goudreau, Mark W and Giles, C Lee and Chakradhar, Srimat T and Chen, D},
  journal={IEEE Transactions on Neural Networks},
  volume={5},
  number={3},
  pages={511--513},
  year={1994},
  publisher={IEEE}
}

@inproceedings{dodurka2016analysis,
  title={Analysis of fuzzy cognitive maps from ambiguity and fuzziness perspective},
  author={Dodurka, M Furkan and Yesil, Engin and Urbas, Leon},
  booktitle={Computational Intelligence and Informatics (CINTI), 2016 IEEE 17th International Symposium on},
  pages={000265--000270},
  year={2016},
  organization={IEEE}
}

@inproceedings{hatwagner2014strategic,
  title={Strategic decision support in waste management systems by state reduction in FCM models},
  author={Hatw{\'a}gner, Mikl{\'o}s F and Buruzs, Adrienn and F{\"o}ldesi, P{\'e}ter and K{\'o}czy, L{\'a}szl{\'o} T},
  booktitle={International Conference on Neural Information Processing},
  pages={447--457},
  year={2014},
  organization={Springer}
}

@book{kaufman1987clustering,
  title={Clustering by means of medoids},
  author={Kaufman, Leonard and Rousseeuw, Peter},
  year={1987},
  publisher={North-Holland}
}

@article{forgy1965cluster,
  title={Cluster analysis of multivariate data: efficiency versus interpretability models},
  author={Forgy, EW},
  journal={Biometrics},
  volume={61},
  number={3},
  pages={768--769},
  year={1965}
}

@ARTICLE {m.vanvlietk.kokt.veldkamp2010,
    author  = "Vliet, M. van and Kok, K. and Veldkamp, T.",
    title   = "Linking stakeholders and modellers in scenario studies: The use of Fuzzy Cognitive Maps as a communication and 
learning tool",
    journal = "Futures",
    year    = "2010",
    volume  = "42",
    number  = "1",
    pages   = "1-14"
}

@ARTICLE {s.ahmadie.i.papageorgiouch.yehr.martin,
    author  = "Ahmadi, S. and Papageorgiou, E. I. and Yeh, C-H. and Martin, R.",
    title   = "Managing readiness-relevant activities for ERP implementation",
    journal = "Computers in Industry, In press, doi:10.1016/j.compind.2014.12.009",
    year    = "2014"
}

@ARTICLE {j.l.salmeron2009,
    author  = "Salmeron, J. L.",
    title   = "Supporting decision makers with Fuzzy Cognitive Maps",
    journal = "Research-Technology Management",
    year    = "2009",
    volume  = "52",
    number  = "3",
    pages   = "53-59"
}

@ARTICLE {w.pedrycz2010,
    author  = "Pedrycz, W.",
    title   = "The design of cognitive maps: A study in synergy of granular computing and evolutionary optimization",
    journal = "Expert Syst. Appl.",
    year    = "2010",
    volume  = "37",
    pages   = "7288–7294"
}

@article{kontogianni2012you,
  title={How do you perceive environmental change? Fuzzy Cognitive Mapping informing stakeholder analysis for environmental 
policy making and non-market valuation},
  author={Kontogianni, Areti D and Papageorgiou, Elpiniki I and Tourkolias, Christos},
  journal={Applied Soft Computing},
  volume={12},
  number={12},
  pages={3725--3735},
  year={2012},
  publisher={Elsevier}
}

@incollection{papageorgiou2013review,
  title={Review study on fuzzy cognitive maps and their applications during the last decade},
  author={Papageorgiou, Elpiniki I},
  booktitle={Business Process Management},
  pages={281--298},
  year={2013},
  publisher={Springer}
}

@article{stach2005survey,
  title={A survey of fuzzy cognitive map learning methods},
  author={Stach, Wojciech and Kurgan, LA and Pedrycz, Witold},
  journal={Issues in soft computing: theory and applications},
  pages={71--84},
  year={2005},
  publisher={Exit}
}

@inproceedings{stylios1999mathematical,
  title={Mathematical formulation of fuzzy cognitive maps},
  author={Stylios, Chrysostomos D and Groumpos, Peter P and others},
  booktitle={Proceedings of the 7th Mediterranean Conference on Control and Automation},
  pages={2251--2261},
  year={1999}
}

@inproceedings{martchenko2003investigating,
  title={Investigating stability analysis issues for fuzzy cognitive maps},
  author={Martchenko, AS and Ermolov, Ivan L and Groumpos, Peter P and Poduraev, Jury V and Stylios, Chrysostomos D},
  booktitle={11th Mediterranean Conference on Control and Automation-MED'03},
  year={2003}
}

@article{tsadiras2008comparing,
  title={Comparing the inference capabilities of binary, trivalent and sigmoid fuzzy cognitive maps},
  author={Tsadiras, Athanasios K},
  journal={Information Sciences},
  volume={178},
  number={20},
  pages={3880--3894},
  year={2008},
  publisher={Elsevier}
}

@article{buruzs2014expert,
  title={Expert based system design for integrated waste management},
  author={Buruzs, A and Hatw{\'a}gner, MF and Torma, A and K{\'o}czy, LT},
  journal={International Scholarly and Scientific Research \& Innovation},
  volume={8},
  number={12},
  pages={685--693},
  year={2014}
}

@article{buruzs2014fuzzy,
  title={Fuzzy Cognitive Maps and Bacterial Evolutionary Algorithm Approach to Integrated Waste Management Systems},
  author={Buruzs, Adrienn and Hatw{\'a}gner, Mikl{\'o}s Ferenc and K{\'o}czy, L{\'a}szl{\'o} Tam{\'a}s},
  journal={Journal of Advanced Computational Intelligence and Intelligent Informatics},
  volume={18},
  number={4},
  pages={538--548},
  year={2014},
  publisher={Fuji Technology Press}
}

@article{hatwagner2018two,
  title={Two-Stage Learning Based Fuzzy Cognitive Maps Reduction Approach},
  author={Hatw{\'a}gner, Mikl{\'o}s Ferenc and Yesil, Engin and Dodurka, M Furkan and Papageorgiou, Elpiniki and Urbas, Leon and 
K{\'o}czy, L{\'a}szl{\'o} T},
  journal={IEEE Transactions on Fuzzy Systems},
  volume={26},
  number={5},
  pages={2938--2952},
  year={2018},
  publisher={IEEE}
}

% Fuzzy C-Means implementáció alapja Octave-ban
@book{yen1999fuzzy,
  title={Fuzzy Logic: Intelligence, Control, and Information},
  author={Yen, J. and Langari, R.},
  isbn={9780135258170},
  lccn={98040882},
  url={https://books.google.hu/books?id=XnRQAAAAMAAJ},
  year={1999},
  publisher={Prentice Hall}
}

@article{hartigan1979algorithm,
  title={Algorithm AS 136: A k-means clustering algorithm},
  author={Hartigan, John A and Wong, Manchek A},
  journal={Journal of the Royal Statistical Society. Series C (Applied Statistics)},
  volume={28},
  number={1},
  pages={100--108},
  year={1979},
  publisher={JSTOR}
}

@misc{octave,
  title = {Octave scripts and data files for conference paper presented at ESCIM2019},
  howpublished = {\url{http://rs1.sze.hu/~hatwagnf/escim2019/escim2019.zip}},
  note = {Accessed: 2019-05-31}
}

@inproceedings{harmati2018existenceFCM,
  title={On the existence and uniqueness of fixed points of fuzzy cognitive maps},
  author={Harmati, Istv{\'a}n {\'A} and Hatw{\'a}gner, Mikl{\'o}s F and K{\'o}czy, L{\'a}szl{\'o} T},
  booktitle={International Conference on Information Processing and Management of Uncertainty in Knowledge-Based Systems},
  pages={490--500},
  year={2018},
  organization={Springer}
}

@inproceedings{harmati2018convergenceGFCM,
  title={On the convergence of fuzzy grey cognitive maps},
  author={Harmati, Istv{\'a}n {\'A} and K{\'o}czy, L{\'a}szl{\'o} T},
  booktitle={Conference on Information Technology, Systems Research and Computational Physics},
  pages={74--84},
  year={2018},
  organization={Springer}
}

@inproceedings{harmati2018existenceFSVFCM,
  title={On the existence and uniqueness of fixed points of fuzzy set valued sigmoid fuzzy cognitive maps},
  author={Harmati, Istv{\'a}n {\'A} and K{\'o}czy, L{\'a}szl{\'o} T},
  booktitle={2018 IEEE International Conference on Fuzzy Systems (FUZZ-IEEE)},
  pages={1--7},
  year={2018},
  organization={IEEE}
}

@incollection{hatwagner2019banking,
  title={Banking applications of FCM models},
  author={Hatw{\'a}gner, Mikl{\'o}s F and Vastag, Gyula and Niskanen, Vesa A and K{\'o}czy, L{\'a}szl{\'o} T},
  booktitle={Trends in Mathematics and Computational Intelligence},
  pages={61--72},
  year={2019},
  publisher={Springer}
}

@inproceedings{hatwagner2018improved,
  title={Improved behavioral analysis of fuzzy cognitive map models},
  author={Hatwagner, Mikl{\'o}s F and Vastag, Gyula and Niskanen, Vesa A and K{\'o}czy, L{\'a}szl{\'o} T},
  booktitle={International Conference on Artificial Intelligence and Soft Computing},
  pages={630--641},
  year={2018},
  organization={Springer}
}

@inproceedings{nawa1998bacterial,
  title={Bacterial evolutionary algorithm for fuzzy system design},
  author={Nawa, Norberto Eiji and Furuhashi, Takeshi},
  booktitle={SMC'98 Conference Proceedings. 1998 IEEE International Conference on Systems, Man, and Cybernetics (Cat. No. 98CH36218)},
  volume={3},
  pages={2424--2429},
  year={1998},
  organization={IEEE}
}

%Time series modeling with FCM

@inproceedings{homenda2014modeling,
  title={Modeling time series with fuzzy cognitive maps},
  author={Homenda, Wladyslaw and Jastrzebska, Agnieszka and Pedrycz, Witold},
  booktitle={2014 IEEE International Conference on Fuzzy Systems (FUZZ-IEEE)},
  pages={2055--2062},
  year={2014},
  organization={IEEE}
}

@article{homenda2017clustering,
  title={Clustering techniques for Fuzzy Cognitive Map design for time series modeling},
  author={Homenda, Wladyslaw and Jastrzebska, Agnieszka},
  journal={Neurocomputing},
  volume={232},
  pages={3--15},
  year={2017},
  publisher={Elsevier}
}

@article{lu2014modeling,
  title={The modeling and prediction of time series based on synergy of high-order fuzzy cognitive map and fuzzy c-means clustering},
  author={Lu, Wei and Yang, Jianhua and Liu, Xiaodong and Pedrycz, Witold},
  journal={Knowledge-Based Systems},
  volume={70},
  pages={242--255},
  year={2014},
  publisher={Elsevier}
}

% FCM model construction

% alternatív módszer sok szakértő esetére
@incollection{groumpos2010fuzzy,
  title={Fuzzy cognitive maps: Basic theories and their application to complex systems},
  author={Groumpos, Peter P},
  booktitle={Fuzzy cognitive maps},
  pages={1--22},
  year={2010},
  publisher={Springer}
}

@article{lu2019fast,
  title={Fast and Effective Learning for Fuzzy Cognitive Maps: A Method Based on Solving Constrained Convex Optimization Problems},
  author={Lu, Wei and Feng, Guoliang and Liu, Xiaodong and Pedrycz, Witold and Zhang, Liyong and Yang, Jianhua},
  journal={IEEE Transactions on Fuzzy Systems},
  year={2019},
  publisher={IEEE}
}

@book{papageorgiou2013fuzzy,
  title={Fuzzy cognitive maps for applied sciences and engineering: from fundamentals to extensions and learning algorithms},
  author={Papageorgiou, Elpiniki I},
  volume={54},
  year={2013},
  publisher={Springer Science \& Business Media}
}

@article{papageorgiou2012learning,
  title={Learning algorithms for fuzzy cognitive maps—a review study},
  author={Papageorgiou, Elpiniki I},
  journal={IEEE Transactions on Systems, Man, and Cybernetics, Part C (Applications and Reviews)},
  volume={42},
  number={2},
  pages={150--163},
  year={2012},
  publisher={IEEE}
}

@INPROCEEDINGS {stachw.kurganl.pedryczw.2010,
    author    = "Stach, W. and Kurgan, L. and Pedrycz, W.",
    title     = "Expert-Based and Computational Methods for Developing Fuzzy Cognitive Maps",
    booktitle = "Fuzzy Cognitive Maps - Advances in Theory, Methodologies, Tools and Applications",
    year      = "2010",
    editor    = "Michael Glykas",
    pages     = "23-42",
    publisher = "Springer"
}

@article{khan2004group,
  title={Group decision support using fuzzy cognitive maps for causal reasoning},
  author={Khan, M Shamim and Quaddus, Mohammed},
  journal={Group Decision and Negotiation},
  volume={13},
  number={5},
  pages={463--480},
  year={2004},
  publisher={Springer}
}

% Waste Management

@PHDTHESIS {buruzsphd2015,
    author   = "Buruzs Adrienn",
    title    = "Fenntartható regionális hulladékgazdálkodási rendszerek értékelése fuzzy kognitív térképpel",
    school   = "Doctoral School of Multidisciplinary Engineering Sciences (MMTDI), Széchenyi István University, Győr, Hungary",
    year     = "2015",
    url      = "http://szerep.sze.hu/?docId=46717",
    doi      = "DOI: 10.15477/SZE.MMTDI.2015.009"
}

@inproceedings{buruzs2013developing,
  title={Developing fuzzy cognitive maps for modeling regional waste management systems},
  author={Buruzs, A and Pozna, RC and K{\'o}czy, LT},
  booktitle={3rd International Conference on Soft Computing Technology in Civil, Structural and Environmental Engineering, CSC 2013},
  year={2013},
  organization={Civil-Comp Press}
}

@inproceedings{buruzs2013advanced,
  title={Advanced learning of fuzzy cognitive maps of waste management by bacterial algorithm},
  author={Buruzs, Adrienn and Hatw{\'a}gner, Mikl{\'o}s F and Pozna, RC and K{\'o}czy, L{\'a}szl{\'o} T},
  booktitle={2013 Joint IFSA World Congress and NAFIPS Annual Meeting (IFSA/NAFIPS)},
  pages={890--895},
  year={2013},
  organization={IEEE}
}

@article{buruzs2013modeling,
  title={Modeling integrated sustainable waste management systems by fuzzy cognitive maps and the system of systems concept},
  author={Buruzs, Adrienn and Hatw{\'a}gner, Mikl{\'o}s F and K{\'o}czy, L{\'a}szl{\'o} T and others},
  journal={Czasopismo Techniczne},
  volume={2013},
  number={Automatyka Zeszyt 3-AC (11) 2013},
  pages={93--110},
  year={2013},
  publisher={Portal Czasopism Naukowych Ejournals. eu}
}

% state reduction

@incollection{hatwagner2015new,
  title={A new state reduction approach for fuzzy cognitive map with case studies for waste management systems},
  author={Hatw{\'a}gner, Mikl{\'o}s Ferenc and Buruzs, Adrienn and F{\"o}ldesi, P{\'e}ter and K{\'o}czy, L{\'a}szl{\'o} Tam{\'a}s},
  booktitle={Computational Intelligence in Information Systems},
  pages={119--127},
  year={2015},
  publisher={Springer}
}

@inproceedings{hatwagnernovel,
  title={Novel methods of FCM model reduction},
  author={Hatw{\'a}gner, Mikl{\'o}s F and K{\'o}czy, L{\'a}szl{\'o} T},
  booktitle={BOOK OF ABSTRACTS},
  pages={56},
  year={2019}
}
